101 122100024          2607070839A094101JPMORGAN CHASE         Frey Lutz, LLC                 
5200Frey Lutz, LLC                      9028780001CCDPayment   260707260707   1122100020000001
622021000021895705223        0000012661633788         AMBIENT HVAC SUPPLY, L  0122100020000001
622031301422001846758        000129581058075          APR SUPPLY CO.          0122100020000002
62202105205345775620         000030128558100          BROUDY PRECISION        0122100020000003
62203130295580029371288      000005320058149          DS STEEL SUPPLY LLC     0122100020000004
6220650000907529036533       000005592058166          TKO ENERGY, LLC         0122100020000005
6220313029559852206227       000342000058177          FIRST CAPITAL INSUL IN  0122100020000006
6220313127385004485503       000092435058191          H&H SALES ASSOC INC.    0122100020000007
62203130295540003787         000028230158192          H&H SERVICE CO INC.     0122100020000008
622021000021907130261        000072292058197          HC NYE COMPANY          0122100020000009
62204331809295323647         000314834458209          HVAC DISTRIBUTORS INC.  0122100020000010
62203130994580335425         000097259958217          IVRI                    0122100020000011
62203131503 1120138043       000011956058223          JOHN E. FULLERTON, INC  0122100020000012
6220611134151110024138716    000405830058224          JOHN F. SCANLAN, INC.   0122100020000013
6220313127385005103853       000290659758266          MKT METAL MANUFACTURIN  0122100020000014
622052001633003918083284     000041414058560          NORTHEASTERN SUPPLY     0122100020000015
62203131503 1124003039       000001741658281          OTC FLEET SERVICES      0122100020000016
6222670841991241216608       000170084358562          PEIRCE PHELPS INC.      0122100020000017
6221110000124451128388       000025598658304          R/W CONNECTION          0122100020000018
6222433742181886027539       000129831558311          RHOADS SHEET METAL      0122100020000019
6220360761506100085317       000009587158319          SCHAEDLER / YESCO DIST  0122100020000020
62204331809295026285         000241145758320          SCOTT ELECTRIC          0122100020000021
6220280000243817882989       000804600058327          SIEMENS INDUSTRY, INC.  0122100020000022
6221110000124427098044       000013530858333          SPI LLC                 0122100020000023
6221110000123750351446       000130157558348          TRANE COMPANY           0122100020000024
822000002401517113730000000000000000339507589028780001                         122100020000001
9000001000003000000240151711373000000000000000033950758                                       