101 122100024          2607150731A094101JPMORGAN CHASE         Frey Lutz, LLC                 
5200Frey Lutz, LLC                      9028780001CCDPayment   260707260707   1122100020000001
6220210000211895705223        0000012661633788         AMBIENT HVAC SUPPLY, L  0122100020000001
6220313014222001846758        000129581058075          APR SUPPLY CO.          0122100020000002
622021052053345775620         000030128558100          BROUDY PRECISION        0122100020000003
622031302955580029371288      000005320058149          DS STEEL SUPPLY LLC     0122100020000004
62206500009007529036533       000005592058166          TKO ENERGY, LLC         0122100020000005
62203130295559852206227       000342000058177          FIRST CAPITAL INSUL IN  0122100020000006
62203131273885004485503       000092435058191          H&H SALES ASSOC INC.    0122100020000007
622031302955540003787         000028230158192          H&H SERVICE CO INC.     0122100020000008
6220210000211907130261        000072292058197          HC NYE COMPANY          0122100020000009
622043318092295323647         000314834458209          HVAC DISTRIBUTORS INC.  0122100020000010
622031309945580335425         000097259958217          IVRI                    0122100020000011
622031315036 1120138043       000011956058223          JOHN E. FULLERTON, INC  0122100020000012
62206111341551110024138716    000405830058224          JOHN F. SCANLAN, INC.   0122100020000013
62203131273885005103853       000290659758266          MKT METAL MANUFACTURIN  0122100020000014
6220520016333003918083284     000041414058560          NORTHEASTERN SUPPLY     0122100020000015
622031315036 1124003039       000001741658281          OTC FLEET SERVICES      0122100020000016
62226708419991241216608       000170084358562          PEIRCE PHELPS INC.      0122100020000017
62211100001224451128388       000025598658304          R/W CONNECTION          0122100020000018
62224337421881886027539       000129831558311          RHOADS SHEET METAL      0122100020000019
62203607615006100085317       000009587158319          SCHAEDLER / YESCO DIST  0122100020000020
622043318092295026285         000241145758320          SCOTT ELECTRIC          0122100020000021
62202800002443817882989       000804600058327          SIEMENS INDUSTRY, INC.  0122100020000022
62211100001224427098044       000013530858333          SPI LLC                 0122100020000023
62211100001223750351446       000130157558348          TRANE COMPANY           0122100020000024
822000002415171138240000000000000000339507589028780001                         122100020000001
9000001000003000000241517113824000000000000000033950758                                       